
@ARTICLE{berry1990,
  author = {Berry, Frances Stokes and Berry, William D.},
  title = {State Lottery Adoptions as Policy Innovations: An Event History Analysis},
  journal = {American Political Science Review},
  year = {1990},
  volume = {84},
  pages = {395--415},
  number = {2},
  owner = {jjharden},
  publisher = {JSTOR},
  timestamp = {2013.04.01}
}

@article{krackhardt1988,
  title={Predicting with networks: Nonparametric multiple regression analysis of dyadic data},
  author={Krackhardt, David},
  journal={Social networks},
  volume={10},
  number={4},
  pages={359--381},
  year={1988},
  publisher={Elsevier}
}



@ARTICLE{boehmke2009,
  author = {Boehmke, Frederick J.},
  title = {Policy Emulation or Policy Convergence? Potential Ambiguities in
	the Dyadic Event History Approach to State Policy Emulation},
  journal = {Journal of Politics},
  year = {2009},
  volume = {71},
  pages = {1125--1140},
  number = {3},
  issue = {03}
}

@ARTICLE{boehmke2012,
  author = {Boehmke, Frederick J. and Skinner, Paul},
  title = {State Policy Innovativeness Revisited},
  journal = {State Politics \& Policy Quarterly},
  year = {2012},
  volume = {12},
  pages = {303-329},
  number = {3}
}

@article{desmarais2015,
author = {DESMARAIS,BRUCE A. and HARDEN,JEFFREY J. and BOEHMKE,FREDERICK J.},
title = {Persistent Policy Pathways: Inferring Diffusion Networks in the American States},
journal = {American Political Science Review},
volume = {109},
issue = {02},
month = {5},
year = {2015},
issn = {1537-5943},
pages = {392--406},
numpages = {15},
doi = {10.1017/S0003055415000040},
URL = {http://journals.cambridge.org/article_S0003055415000040},
}

@article{garrett2015,
  title={Interest Group Influence in Policy Diffusion Networks},
  author={Garrett, Kristin N and Jansa, Joshua M},
  journal={State Politics \& Policy Quarterly},
  pages={1532440015592776},
  year={2015},
  publisher={SAGE Publications}
}


@ARTICLE{gilardi2009,
  author = {Gilardi, Fabrizio and Katharina F\"{u}glister and Stephane Luyet},
  title = {Learning from Others: The Diffusion of Hospital Financing Reforms
	in OECD Countries},
  journal = {Comparative Political Studies},
  year = {2009},
  volume = {42},
  pages = {549--573},
  number = {4},
  owner = {jjharden},
  timestamp = {2013.09.08}
}

@ARTICLE{nicholson-crotty2009,
  author = {Nicholson-Crotty, Sean},
  title = {The Politics of Diffusion: Public Policy in the American States},
  journal = {Journal of Politics},
  year = {2009},
  volume = {71},
  pages = {192--205},
  number = {1}
}

@ARTICLE{shipan2006,
  author = {Shipan, Charles R. and Craig Volden},
  title = {Bottom-Up Federalism: The Diffusion of Antismoking Policies from
	U.S. Cities to States},
  journal = {American Journal of Political Science},
  year = {2006},
  volume = {50},
  pages = {825--843},
  number = {4},
  owner = {jjharden},
  timestamp = {2013.04.01}
}

@article{shor2011,
author = {SHOR,BORIS and McCARTY,NOLAN},
title = {The Ideological Mapping of American Legislatures},
journal = {American Political Science Review},
volume = {105},
issue = {03},
month = {8},
year = {2011},
issn = {1537-5943},
pages = {530--551},
numpages = {22},
doi = {10.1017/S0003055411000153},
URL = {http://journals.cambridge.org/article_S0003055411000153},
}

@article{simmons2004,
  title={The globalization of liberalization: Policy diffusion in the international political economy},
  author={Simmons, Beth A and Elkins, Zachary},
  journal={American political science review},
  volume={98},
  number={01},
  pages={171--189},
  year={2004},
  publisher={Cambridge Univ Press}
}

@article{smith1981identification,
  title={Identification of common molecular subsequences},
  author={Smith, Temple F and Waterman, Michael S},
  journal={Journal of molecular biology},
  volume={147},
  number={1},
  pages={195--197},
  year={1981},
  publisher={Elsevier}
}

@ARTICLE{volden2006,
  author = {Volden, Craig},
  title = {States as Policy Laboratories: Emulating Success in the Children's
	Health Insurance Program},
  journal = {American Journal of Political Science},
  year = {2006},
  volume = {50},
  pages = {294--312},
  number = {2}
}

@ARTICLE{walker1969,
  author = {Walker, Jack L.},
  title = {The Diffusion of Innovations Among the American States},
  journal = {American Political Science Review},
  year = {1969},
  volume = {63},
  pages = {880--899},
  number = {3},
  owner = {jjharden},
  publisher = {JSTOR},
  timestamp = {2013.04.01}
}

@article{wilkerson2015tracing,
  title={Tracing the flow of policy ideas in legislatures: A text reuse approach},
  author={Wilkerson, John and Smith, David and Stramp, Nicholas},
  journal={American Journal of Political Science},
  year={2015},
  publisher={Wiley Online Library}
}

@inproceedings{smith2014detecting,
  title={Detecting and modeling local text reuse},
  author={Smith, David A and Cordell, Ryan and Dillon, Elizabeth Maddock and Stramp, Nick and Wilkerson, John},
  booktitle={Proceedings of the 14th ACM/IEEE-CS Joint Conference on Digital Libraries},
  pages={183--192},
  year={2014},
  organization={IEEE Press}
}

@inproceedings{huston2011efficient,
  title={Efficient indexing of repeated n-grams},
  author={Huston, Samuel and Moffat, Alistair and Croft, W Bruce},
  booktitle={Proceedings of the fourth ACM international conference on Web search and data mining},
  pages={127--136},
  year={2011},
  organization={ACM}
}
