cle{wilkerson2015tracing,
    title={Tracing the flow of policy ideas in legislatures: A text reuse approach},
    author={Wilkerson, John and Smith, David and Stramp, Nicholas},
    journal={American Journal of Political Science},
    year={2015},
    publisher={Wiley Online Library}
}
